@misc{punzi,
      title={Sensitivity of searches for new signals and its optimization}, 
      author={Giovanni Punzi},
      year={2003},
      eprint={physics/0308063},
      archivePrefix={arXiv},
      primaryClass={physics.data-an},
      url={https://arxiv.org/abs/physics/0308063} 
}

@misc{ks,
      title={Cumulative distribution function, https://en.wikipedia.org/wiki/Cumulative\_distribution\_function},
      year={2025},
      url={https://en.wikipedia.org/wiki/Cumulative_distribution_function} 
}