@techreport{lhcb,
      author        = "LHCb Collaboration",
      title         = "{LHCb Tracker Upgrade Technical Design Report}",
      reportNumber  = "CERN-LHCC-2014-001, LHCB-TDR-015",
      year          = "2014",
      url           = "https://cds.cern.ch/record/1647400",
      doi           = "10.17181/CERN.OOOE.9O9T",
}
