@unpublished{Pep08,
      author        = "Joao Pequenao",
      title         = "{Computer generated image of the whole ATLAS detector}",
      year          = "2008",
      url           = "https://cds.cern.ch/record/1095924",
}

@article{Workman2022,
  author       = {R. L. Workman and others},
  title        = {Review of Particle Physics},
  journal      = {Progress of Theoretical and Experimental Physics},
  year         = {2022},
  volume       = {2022},
  pages        = {083C01},
  doi          = {10.1093/ptep/ptac097},
}

@article{Aad2008,
  author       = {G. Aad and others},
  title        = {The ATLAS Experiment at the CERN Large Hadron Collider},
  journal      = {Journal of Instrumentation (JINST)},
  volume       = {3},
  year         = {2008},
  pages        = {S08003},
  doi          = {10.1088/1748-0221/3/08/S08003}
}