@misc{punzi,
      title={Sensitivity of searches for new signals and its optimization}, 
      author={Giovanni Punzi},
      year={2003},
      eprint={physics/0308063},
      archivePrefix={arXiv},
      primaryClass={physics.data-an},
      url={https://arxiv.org/abs/physics/0308063}, 
}

@misc{feynman,
      title={Study of charmless B decays to three-kaon final states}, 
      author={The Belle Collaboration and K. Abe},
      year={2002},
      eprint={hep-ex/0208030},
      archivePrefix={arXiv},
      primaryClass={hep-ex},
      url={https://arxiv.org/abs/hep-ex/0208030}, 
}